@Book{Bishop2006,
  author    = {Christopher M. Bishop},
  publisher = {Springer},
  title     = {Pattern Recognition and Machine Learning},
  year      = {2006},
  groups    = {Imported lib_ma.bak},
}

% MC-Dropout
@misc{gal2016mcdropout,
    title = {Dropout as a Bayesian Approximation: Representing Model Uncertainty in Deep Learning}, 
    author = {Yarin Gal and Zoubin Ghahramani},
    year = {2016},
    eprint = {1506.02142},
    archivePrefix = {arXiv},
    primaryClass = {stat.ML},
    url = {https://arxiv.org/abs/1506.02142},
}

% figure MC-Dropout
@article{Katwyk2023,
    author = {Van Katwyk, Peter and Fox-Kemper, Baylor and Seroussi, Helene and Nowicki, Sophie and Bergen, Karianne J.},
    year = {2023},
    month = {12},
    pages = {6},
    title = {A Variational LSTM Emulator of Sea Level Contribution From the Antarctic Ice Sheet},
    volume = {15},
    journal = {Journal of Advances in Modeling Earth Systems},
}
%    url={https://www.researchgate.net/publication/376784738\_A\_Variational\_LSTM\_Emulator\_of\_Sea\_Level\_Contribution\_From\_the\_Antarctic\_Ice\_Sheet},
}
% url caused Probems and went over border of page

% Critique MC-Dropout
@misc{osband2016,
    title = {Risk versus Uncertainty in Deep Learning: Bayes, Bootstrap and the Dangers of Dropout},
    author = {Osband, Ian},
    year = {2016},
    url = {http://bayesiandeeplearning.org/2016/papers/BDL\_4.pdf},
}
@misc{verdoja2021behaviormcdropout,
      title={Notes on the Behavior of MC Dropout}, 
      author={Francesco Verdoja and Ville Kyrki},
      year={2021},
      eprint={2008.02627},
      archivePrefix={arXiv},
      primaryClass={cs.LG},
      url={https://arxiv.org/abs/2008.02627},
}
@misc{sicking2020characteristicsmcdropout,
      title={Characteristics of Monte Carlo Dropout in Wide Neural Networks}, 
      author={Joachim Sicking and Maram Akila and Tim Wirtz and Sebastian Houben and Asja Fischer},
      year={2020},
      eprint={2007.05434},
      archivePrefix={arXiv},
      primaryClass={cs.LG},
      url={https://arxiv.org/abs/2007.05434},
}
% END Critique MC-Dropout

% Concrete Dropout
@misc{gal2017concretedropout,
      title={Concrete Dropout}, 
      author={Yarin Gal and Jiri Hron and Alex Kendall},
      year={2017},
      eprint={1705.07832},
      archivePrefix={arXiv},
      primaryClass={stat.ML},
      url={https://arxiv.org/abs/1705.07832}, 
}

% Bayes by Backprop
@misc{blundell2015bayesbybackprop,
      title={Weight Uncertainty in Neural Networks}, 
      author={Charles Blundell and Julien Cornebise and Koray Kavukcuoglu and Daan Wierstra},
      year={2015},
      eprint={1505.05424},
      archivePrefix={arXiv},
      primaryClass={stat.ML},
      url={https://arxiv.org/abs/1505.05424},
}


% SWA
@misc{izmailov2019swa,
      title={Averaging Weights Leads to Wider Optima and Better Generalization}, 
      author={Pavel Izmailov and Dmitrii Podoprikhin and Timur Garipov and Dmitry Vetrov and Andrew Gordon Wilson},
      year={2019},
      eprint={1803.05407},
      archivePrefix={arXiv},
      primaryClass={cs.LG},
      url={https://arxiv.org/abs/1803.05407},
}

% SWAG
@misc{maddox2019swag,
    title={A Simple Baseline for Bayesian Uncertainty in Deep Learning}, 
    author={Wesley Maddox and Timur Garipov and Pavel Izmailov and Dmitry Vetrov and Andrew Gordon Wilson},
    year={2019},
    eprint={1902.02476},
    archivePrefix={arXiv},
    primaryClass={cs.LG},
    url={https://arxiv.org/abs/1902.02476},
}

% MultiSWAG
@misc{onal2024multiswag,
      title={Gaussian Stochastic Weight Averaging for Bayesian Low-Rank Adaptation of Large Language Models}, 
      author={Emre Onal and Klemens Flöge and Emma Caldwell and Arsen Sheverdin and Vincent Fortuin},
      year={2024},
      eprint={2405.03425},
      archivePrefix={arXiv},
      primaryClass={cs.CL},
      url={https://arxiv.org/abs/2405.03425},
}
% implementation at https://github.com/izmailovpavel/understandingbdl

% SWALP
@misc{yang2019swalp,
      title={SWALP : Stochastic Weight Averaging in Low-Precision Training}, 
      author={Guandao Yang and Tianyi Zhang and Polina Kirichenko and Junwen Bai and Andrew Gordon Wilson and Christopher De Sa},
      year={2019},
      eprint={1904.11943},
      archivePrefix={arXiv},
      primaryClass={cs.LG},
      url={https://arxiv.org/abs/1904.11943}, 
}
% implementation at https://github.com/stevenygd/SWALP

% Dropoout Regularization
@article{srivastava2014dropout,
    author  = {Nitish Srivastava and Geoffrey Hinton and Alex Krizhevsky and Ilya Sutskever and Ruslan Salakhutdinov},
    title   = {Dropout: A Simple Way to Prevent Neural Networks from Overfitting},
    journal = {Journal of Machine Learning Research},
    year    = {2014},
    volume  = {15},
    number  = {56},
    pages   = {1929--1958},
    url     = {http://jmlr.org/papers/v15/srivastava14a.html},
}
@article{hinton2012,
  author  = {Geoffrey E. Hinton and Nitish Srivastava and Alex Krizhevsky and Ilya Sutskever and Ruslan Salakhutdinov},
  title   = {Improving neural networks by preventing co-adaptation of feature detectors},
  journal = {arXiv preprint arXiv:1207.0580},
  year    = {2012},
  url = {https://www.bibsonomy.org/bibtex/2e5f5aed38402149446e20df050243e30/hprop},
}
% END Dropoout Regularization

% NNs
@Inbook{López2022anns&dl,
    author = {Osval Antonio Montesinos López and Aberlardo Montesinos López and Jose Crossa},
    title = {Fundamentals of Artificial Neural Networks and Deep Learning},
    bookTitle = {Multivariate Statistical Machine Learning Methods for Genomic Prediction},
    publisher = {Springer International Publishing},
    year = {2022},
    pages = {379--425},
    doi = {10.1007/978-3-030-89010-0\_10},
    url= {https://doi.org/10.1007/978-3-030-89010-0\_10},
}
@book{Haykin2009,
    author = {Simon Haykin},
    publisher = {Pearson Education},
    title = {Neural Networks and Learning Machines},
    year = {2009},
    edition = {3},
    chapter = {4},
    url = {https://www.pearson.com/en-us/subject-catalog/p/neural-networks-and-learning-machines/P200000003278},
}
% END NNs

% tutorial for usage of bnns
@article{Jospin2022bnns,
    author = {Laurent Valentin Jospin and Hamid Laga and Farid Boussaid and Wray Buntine and Mohammed Bennamoun},
    title={Hands-On Bayesian Neural Networks—A Tutorial for Deep Learning Users},
    journal={IEEE Computational Intelligence Magazine},
    year={2022},
    volume={17},
    publisher={Institute of Electrical and Electronics Engineers (IEEE)},
    pages={29–48},
    url={http://dx.doi.org/10.1109/MCI.2022.3155327},
}

% Deep Ensembles
@misc{lakshminarayanan2017preduncw/deepensembles,
      title={Simple and Scalable Predictive Uncertainty Estimation using Deep Ensembles}, 
      author={Balaji Lakshminarayanan and Alexander Pritzel and Charles Blundell},
      year={2017},
      eprint={1612.01474},
      archivePrefix={arXiv},
      primaryClass={stat.ML},
      url={https://arxiv.org/abs/1612.01474},
}
@misc{fort2020deepensembles,
    title={Deep Ensembles: A Loss Landscape Perspective}, 
    author={Stanislav Fort and Huiyi Hu and Balaji Lakshminarayanan},
    year={2020},
    eprint={1912.02757},
    archivePrefix={arXiv},
    primaryClass={stat.ML},
    url={https://arxiv.org/abs/1912.02757}, 
}

% Laplace Approximations
@misc{ritter2018kfaclaplace,
    title = {A Scalable Laplace Approximation for Neural Networks},
    author = {Hippolyt Ritter and Aleksandar Botev and David Barber},
    year = {2018},
    url = {https://iclr.cc/Conferences/2018/Schedule?showEvent=224},
}
@misc{antoran2022linearizedlaplace,
      title={Adapting the Linearised Laplace Model Evidence for Modern Deep Learning}, 
      author={Javier Antorán and David Janz and James Urquhart Allingham and Erik Daxberger and Riccardo Barbano and Eric Nalisnick and José Miguel Hernández-Lobato},
      year={2022},
      eprint={2206.08900},
      archivePrefix={arXiv},
      primaryClass={stat.ML},
      url = {https://arxiv.org/abs/2206.08900},
}
@misc{daxberger2022laplaceredux,
    title={Laplace Redux -- Effortless Bayesian Deep Learning}, 
    author={Erik Daxberger and Agustinus Kristiadi and Alexander Immer and Runa Eschenhagen and Matthias Bauer and Philipp Hennig},
    year={2022},
    eprint={2106.14806},
    archivePrefix={arXiv},
    primaryClass={cs.LG},
    url = {https://arxiv.org/abs/2106.14806}, 
}
% END Laplace Approximations

% code/packages 
@article{scikit-learn,
  title    = {Scikit-learn: Machine Learning in Python},
  author   = {Pedregosa, F. and Varoquaux, G. and Gramfort, A. and Michel, V. 
              and Thirion, B. and Grisel, O. and Blondel, M. and Prettenhofer, P. 
              and Weiss, R. and Dubourg, V. and Vanderplas, J. and Passos, A. and 
              Cournapeau, D. and Brucher, M. and Perrot, M. and Duchesnay, E.},
  journal  = {Journal of Machine Learning Research},
  volume   = {12},
  pages    = {2825--2830},
  year     = {2011},
  url      = {https://scikit-learn.org/stable/}
}

% boston housing dataset source
@article{harrison1978bh,
    title={Hedonic prices and the demand for clean air},
    author={David Harrison and Daniel L Rubinfeld},
    journal={Journal of Environmental Economics and Management},
    volume={5},
    pages={81--102},
    year={1978},
    doi = {https://doi.org/10.1016/0095-0696(78)90006-2},
}
    url = {https://www.sciencedirect.com/science/article/pii/0095069678900062},
}

% ethical issue bh dataset
@article{carlisle2020bh_ethicalIssue,
  title={Racist data destruction?},
  author={Carlisle, M.},
  journal={Medium},
  year={2020},
  url={https://medium.com/@docintangible/racist-data-destruction-113e3eff54a8}
}

% uncertainty split
@article{hullermeier2021aleatoric,
  title={Aleatoric and epistemic uncertainty in machine learning: an introduction to concepts and methods},
  author={Hüllermeier, Eyke and Waegeman, Willem},
  journal={Machine Learning},
  volume={110},
  pages={457--506},
  year={2021},
  doi={https://doi.org/10.1007/s10994-021-05946-3}
}

% uncertainty quantification in safety-critical applications
@article{pereira2020challenges,
  title={Challenges of Machine Learning Applied to Safety-Critical Cyber-Physical Systems},
  author={Pereira, Ana and Thomas, Carsten},
  journal={Machine Learning and Knowledge Extraction},
  volume={2},
  number={4},
  pages={579--602},
  year={2020},
  ISSN = {2504-4990},
  doi={https://doi.org/10.3390/make2040031},
}
% url={https://www.mdpi.com/2504-4990/2/4/31},
@misc{valentin2024certification,
    title={Towards a Framework for Deep Learning Certification in Safety-Critical Applications Using Inherently Safe Design and Run-Time Error Detection},
    author={Romeo Valentin},
    year={2024},
    eprint={2403.14678},
    archivePrefix={arXiv},
    primaryClass={cs.LG},
    url={https://arxiv.org/abs/2403.14678},
}
% END uncertainty quantification in safety-critical applications